@book{merker2009grundlagen,
    title     = {Grundlagen Verbrennungsmotoren: Simulation der Gemischbildung, Verbrennung, Schadstoffbildung und Aufladung},
    author    = {Merker, G.P. and Schwarz, C.},
    isbn      = {9783834893444},
    series    = {ATZ / MTZ-Fachbuch},
    url       = {https://books.google.de/books?id=fc6u-9B9QHkC},
    year      = {2009},
    publisher = {Vieweg+Teubner Verlag}
}
@article{seshadri1978,
    title     = "Laminar flow between parallel plates with injection of a reactant at high Reynolds number",
    journal   = "International Journal of Heat and Mass Transfer",
    volume    = "21",
    number    = "2",
    pages     = "251 - 253",
    year      = "1978",
    note      = "",
    issn      = "0017-9310",
    doi       = "http://dx.doi.org/10.1016/0017-9310(78)90230-2",
    url       = "http://www.sciencedirect.com/science/article/pii/0017931078902302",
    author    = "K. Seshadri and F.A. Williams",
}
@article{fisher1997determination,
    title     = {Determination of the strain in counterflow diffusion flames from flow conditions},
    author    = {Fisher, Elizabeth M and Williams, Bradley A and Fleming, James W},
    journal   = {Chemical and Physical Processes in Combustion},
    pages     = {191--194},
    year      = {1997},
    publisher = {Combustion Institute}
}
@misc{hasse-pdf02,
    title     = {Laminare Verbrennung - Vorlesung Teil 2},
    author    = {Christian Hasse},
    year      = {2015}
}
@misc{hasse-pdf05,
    title     = {Laminare Diffusionsflammen - Vorlesung Teil 5},
    author    = {Christian Hasse},
    year      = {2015}
}
@misc{hasse-pdf08,
    title     = {Flamelet Modelle für laminare Diffusionsflammen - Vorlesung Teil 8},
    author    = {Christian Hasse},
    year      = {2015}
}
@misc{luftstuttgart,
    title        = {Natürliche Zusammensetzung der Luft},
    url          = {www.stadtklima-stuttgart.de/index.php?luft_grundlagen_zusammen},
    author       = {Christian Hasse}
}
@misc{nistwebbook,
    title        = {NIST Chemistry WebBook},
    url          = {webbook.nist.gov/chemistry/}
}
@book{moeller2003luft,
    title        = {Luft: Chemie, Physik, Biologie, Reinhaltung, Recht},
    author       = {Detlev Möller and Walter de Gruyter},
    isbn         = {9783110164312},
    year         = {2003},
    publisher    = {Walter de Gruyter},
    howpublished = {\url{https://books.google.de/books?id=7ITJXWDijA0C&lpg=PA12&pg=PA13} [Online; accessed 2016-06-05]}
}
@book{latscha2011,
    title        = {Chemie der Elemente: Chemie-Basiswissen IV},
    author       = {Hans Peter Latscha and Martin Mutz},
    isbn         = {9783642169151},
    year         = {2011},
    publisher    = {Springer-Verlag}
}
@TechReport{pseiupac,
    author       = {Michael E. Wieser and Tyler B. Coplen},
    title        = {Atomic weights of the elements 2009 (IUPAC Technical Report)},
    journal      = {Pure and Applied Chemistry},
    year         = {2010},
    month        = {12},
    volume       = {83},
    issue        = {2},
    pages        = {359-396},
    doi          = {10.1351/PAC-REP-10-09-14}
}
@article{iupacreactionglossary,
    author       = "K. J. Laidler",
    title        = "A glossary of terms used in chemical kinetics, including reaction dynamics (IUPAC Recommendations 1996)",
    journal      = "Pure and Applied Chemistry",
    volume       = "68",
    number       = "1",
    pages        = "149 - 192",
    year         = "2009",
    month        = "1",
    issn         = "0033-4545",
    doi          = "http://dx.doi.org/10.1351/pac199668010149",
    howpublished = {\url{http://www.degruyter.com/view/j/pac.1996.68.issue-1/pac199668010149/pac199668010149.xml} [Online; accessed 2016-06-05]}
}
@book{poinsot2005theoretical,
    title        = {Theoretical and Numerical Combustion},
    author       = {Poinsot, T. and Veynante, D.},
    isbn         = {9781930217102},
    lccn         = {2004056443},
    howpublished = {\url{http://elearning.cerfacs.fr/combustion/onlinePoinsotBook/buythirdedition/index.php} [Online; accessed 2016-06-05]},
    year         = {2005},
    publisher    = {Edwards},
    edition      = {3}
}
@article{993400,
    author       = {E. Meijering},
    journal      = {Proceedings of the IEEE},
    title        = {A chronology of interpolation: from ancient astronomy to modern signal and image processing},
    year         = {2002},
    volume       = {90},
    number       = {3},
    pages        = {319-342},
    abstract     = {This paper presents a chronological overview of the developments in interpolation theory, from the earliest times to the present date. It brings out the connections between the results obtained in different ages, thereby putting the techniques currently used in signal and image processing into historical perspective. A summary of the insights and recommendations that follow from relatively recent theoretical as well as experimental studies concludes the presentation},
    keywords={a st ronomy;image processing;interpolation;reviews;signal processing;ancient astronomy;chronology;image processing;interpolation;interpolation theory;signal processing;Accidents;Art;Astronomy;Biomedical signal processing;History;Image processing;Interpolation;Polynomials;Read only memory;Signal processing},
    doi          = {10.1109/5.993400},
    ISSN         = {0018-9219},
    month        = {Mar}
}
